<record><leader>00000cas a2200000Ma 4500</leader><controlfield tag="001">820921641</controlfield><controlfield tag="007">hd afu---baua</controlfield><controlfield tag="008">941115d17861789ctuwr nea     0   a0eng  </controlfield><controlfield tag="009">28908</controlfield><datafield ind1=" " ind2=" " tag="010"><subfield code="a">mic56004477 </subfield></datafield><datafield ind1=" " ind2=" " tag="040"><subfield code="a">DLC</subfield><subfield code="b">eng</subfield><subfield code="c">N15</subfield></datafield><datafield ind1=" " ind2=" " tag="043"><subfield code="a">n-us-ct</subfield></datafield><datafield ind1="0" ind2="4" tag="245"><subfield code="a">The New-Haven gazette and the Connecticut magazine</subfield><subfield code="h">[microform].</subfield></datafield><datafield ind1="1" ind2="0" tag="246"><subfield code="a">New Haven gazette, and the Connecticut magazine</subfield></datafield><datafield ind1=" " ind2=" " tag="260"><subfield code="a">New-Haven, Conn. :</subfield><subfield code="b">Meigs &amp; Dana,</subfield><subfield code="c">1786-1789.</subfield></datafield><datafield ind1=" " ind2=" " tag="300"><subfield code="a">4 v.</subfield></datafield><datafield ind1=" " ind2=" " tag="310"><subfield code="a">Weekly</subfield></datafield><datafield ind1="1" ind2=" " tag="362"><subfield code="a">Ceased with: v. 4 (June 18, 1789).</subfield><subfield code="z">Cf. Union list of serials.</subfield></datafield><datafield ind1="0" ind2=" " tag="362"><subfield code="a">Vol. 1, no. 1 (Feb. 16, 1786)-</subfield></datafield><datafield ind1=" " ind2=" " tag="500"><subfield code="a">Exhibited the tense political atmosphere of 1786-88 and advocated the adoption of a strong federal constitution. In addition to news, it contained essays, poetry, reprints, and much original material Cf. American periodicals, 1741-1900.</subfield></datafield><datafield ind1=" " ind2=" " tag="500"><subfield code="a">On film: Issues for Sept. 18, 1788 and Dec. 11, 1788-June 18, 1789 lacking.</subfield></datafield><datafield ind1=" " ind2=" " tag="533"><subfield code="a">Microfilm.</subfield><subfield code="b">Ann Arbor, Mich. :</subfield><subfield code="c">University Microfilms,</subfield><subfield code="d">1942.</subfield><subfield code="e">1 microfilm reel ; 35 mm.</subfield><subfield code="f">(American periodicals series: 18th century ; 20).</subfield></datafield><datafield ind1=" " ind2=" " tag="752"><subfield code="a">United States</subfield><subfield code="b">Connecticut</subfield><subfield code="c">New Haven</subfield><subfield code="d">New Haven.</subfield></datafield><datafield ind1="1" ind2=" " tag="776"><subfield code="t">New-Haven gazette, and the Connecticut magazine</subfield></datafield><datafield ind1="0" ind2="0" tag="780"><subfield code="t">New-Haven gazette</subfield></datafield><datafield ind1=" " ind2="0" tag="830"><subfield code="a">American periodical series, eighteenth century ;</subfield><subfield code="v">20.</subfield></datafield></record>